[gd_scene load_steps=7 format=2]

[ext_resource path="res://addons/WaypointMap/WaypointMap.gd" type="Script" id=1]
[ext_resource path="res://addons/WaypointMap/WaypointMap.tres" type="Material" id=2]
[ext_resource path="res://addons/WaypointMap/MapCameraEnvironment.tres" type="Environment" id=3]
[ext_resource path="res://addons/WaypointMap/PathMaterial.tres" type="Material" id=4]

[sub_resource type="PlaneMesh" id=1]

[sub_resource type="BoxShape" id=2]
extents = Vector3( 1, 0.001, 1 )

[node name="WaypointMap" type="Spatial"]
script = ExtResource( 1 )
debugMode = true

[node name="MapCamera" type="Camera" parent="."]
transform = Transform( 1, 0, 0, 0, 1, 0, 0, 0, 1, 0, 0, 1 )
cull_mask = 524288
environment = ExtResource( 3 )

[node name="Map" type="MeshInstance" parent="."]
transform = Transform( 1, 0, 0, 0, -4.37114e-08, -1, 0, 1, -4.37114e-08, 0, 0, 0 )
layers = 524288
mesh = SubResource( 1 )
material/0 = ExtResource( 2 )

[node name="StaticBody" type="StaticBody" parent="Map"]
collision_layer = 524288
collision_mask = 524288

[node name="CollisionShape" type="CollisionShape" parent="Map/StaticBody"]
shape = SubResource( 2 )

[node name="PathGeometry" type="ImmediateGeometry" parent="."]
layers = 524288
material_override = ExtResource( 4 )
cast_shadow = 0

[node name="ContextMenu" type="PopupMenu" parent="."]
anchor_right = 1.0
anchor_bottom = 1.0
items = [ "Delete", null, 0, false, false, 0, 0, null, "", false, "Move", null, 0, false, false, 1, 0, null, "", false, "Extend", null, 0, false, false, 2, 0, null, "", false ]
[connection signal="input_event" from="Map/StaticBody" to="." method="_on_StaticBody_input_event"]
[connection signal="id_pressed" from="ContextMenu" to="." method="_on_ContextMenu_id_pressed"]
